@online{outlier,
  author = {Muammad Ryan},
  title = {How to Cluster and Detect Outlier at The Same Time},
  year = 2018,
  url = {https://medium.com/datadriveninvestor/how-to-clustering-and-detect-outlier-at-the-same-time-30576acd75d0},
  urldate = {1-11-2020}
}

@online{weka,
  author = {Peter Reutemann},
  title = {prefuseTree: A visualization component for displaying trees that uses the prefuse visualization toolkit.},
  url = {https://weka.sourceforge.io/packageMetaData/prefuseTree/index.html},
  urldate = {1-11-2020}
}

@article{gpt3,
    title={Language Models are Few-Shot Learners},
    author={Tom B. Brown and Benjamin Mann and Nick Ryder and Melanie Subbiah and Jared Kaplan and Prafulla Dhariwal and Arvind Neelakantan and Pranav Shyam and Girish Sastry and Amanda Askell and Sandhini Agarwal and Ariel Herbert-Voss and Gretchen Krueger and Tom Henighan and Rewon Child and Aditya Ramesh and Daniel M. Ziegler and Jeffrey Wu and Clemens Winter and Christopher Hesse and Mark Chen and Eric Sigler and Mateusz Litwin and Scott Gray and Benjamin Chess and Jack Clark and Christopher Berner and Sam McCandlish and Alec Radford and Ilya Sutskever and Dario Amodei},
    year={2020},
    eprint={2005.14165},
    archivePrefix={arXiv},
    primaryClass={cs.CL}
}

@online{openai,
  author = {OpenAI Team},
  title = {OpenAI technology, just an HTTPS call away},
  url = {https://beta.openai.com/?app=customer-service},
  urldate = {2-11-2020}
}

@online{aidungeon
  author = {Nick Walton},
  title = {AI Dungeon},
  url = {https://play.aidungeon.io/main/landing},
  urldate = {2-11-2020}
}

@online{sentiment,
  author = {Ashley Ng},
  title = {Sentiment Analysis for Hotel Reviews},
  year = 2019,
  url = {https://medium.com/datadriveninvestor/how-to-clustering-and-detect-outlier-at-the-same-time-30576acd75d0},
  urldate = {2-11-2020}
}

@online{sentiment,
  author = {Octoparse Team},
  title = {Octoparse},
  url = {https://www.octoparse.es/},
  urldate = {2-11-2020}
}

@online{octoparse,
  author = {Octoparse Team},
  title = {Octoparse},
  url = {https://www.octoparse.es/},
  urldate = {2-11-2020}
}

@online{nltk,
  author = {NLTK},
  title = {nltk.sentiment package},
  url = {https://www.nltk.org/api/nltk.sentiment.html},
  urldate = {2-11-2020}
}
