@online{outlier,
  author = {Muammad Ryan},
  title = {How to Cluster and Detect Outlier at The Same Time},
  year = 2018,
  url = {https://medium.com/datadriveninvestor/how-to-clustering-and-detect-outlier-at-the-same-time-30576acd75d0},
  urldate = {1-11-2020}
}
